@Manual{abbottepinow2,
  title = {EpiNow2: Estimate Real-Time Case Counts and Time-Varying Epidemiological Parameters},
  author = {Sam Abbott and Joel Hellewell and Katharine Sherratt and Katelyn Gostic and Joe Hickson and Hamada S. Badr and Michael DeWitt and James M. Azam and {EpiForecasts} and Sebastian Funk},
  year = {2025},
  note = {R package version 1.7.0,
    https://epiforecasts.io/EpiNow2/dev/,
    https://github.com/epiforecasts/EpiNow2},
  url = {https://epiforecasts.io/EpiNow2/},
}

@Manual{abbottprimarycensored,
    title = {primarycensored: Primary Event Censored Distributions},
    author = {Sam Abbott and Sam Brand and Carl Pearson and Sebastian Funk and Kelly Charniga},
    year = {2025},
    doi = {10.5281/zenodo.13632839},
  }

@article{charniga2024best,
  title={Best practices for estimating and reporting epidemiological delay distributions of infectious diseases},
  author={Charniga, Kelly and Park, Sang Woo and Akhmetzhanov, Andrei R and Cori, Anne and Dushoff, Jonathan and Funk, Sebastian and Gostic, Katelyn M and Linton, Natalie M and Lison, Adrian and Overton, Christopher E and others},
  journal={PLoS computational biology},
  volume={20},
  number={10},
  pages={e1012520},
  year={2024},
  publisher={Public Library of Science San Francisco, CA USA}
}

 @article{Cori2013,
 author={Cori, A and Ferguson, NM and Fraser, C and Cauchemez, S},  
 year={2013},  
 title={{A New Framework and Software to Estimate Time-Varying Reproduction Numbers During Epidemics}},  
 journal={Am. J. Epidemiol.},  
 doi={10.1093/aje/kwt133},  
}

@article{law1992effects,
  title={Effects of mid-point imputation on the analysis of doubly censored data},
  author={Law, C Gordon and Brookmeyer, Ron},
  journal={Statistics in medicine},
  volume={11},
  number={12},
  pages={1569--1578},
  year={1992},
  publisher={Wiley Online Library}
}

@article{leung1997censoring,
  title={Censoring issues in survival analysis},
  author={Leung, Kwan-Moon and Elashoff, Robert M and Afifi, Abdelmonem A},
  journal={Annual review of public health},
  volume={18},
  number={1},
  pages={83--104},
  year={1997},
  publisher={Annual Reviews 4139 El Camino Way, PO Box 10139, Palo Alto, CA 94303-0139, USA}
}

@book{little2019statistical,
  title={Statistical analysis with missing data},
  author={Little, Roderick JA and Rubin, Donald B},
  year={2019},
  publisher={John Wiley \& Sons}
}

@article{o1999bayesian,
  title={Bayesian inference for partially observed stochastic epidemics},
  author={Oâ€™Neill, Philip D and Roberts, Gareth O},
  journal={Journal of the Royal Statistical Society Series A: Statistics in Society},
  volume={162},
  number={1},
  pages={121--129},
  year={1999},
  publisher={Oxford University Press}
}


@article {Park2024.01.12.24301247,
	author = {Park, Sang Woo and Akhmetzhanov, Andrei R. and Charniga, Kelly and Cori, Anne and Davies, Nicholas G. and Dushoff, Jonathan and Funk, Sebastian and Gostic, Katie and Grenfell, Bryan and Linton, Natalie M. and Lipsitch, Marc and Lison, Adrian and Overton, Christopher E. and Ward, Thomas and Abbott, Sam},
	title = {Estimating epidemiological delay distributions for infectious diseases},
	elocation-id = {2024.01.12.24301247},
	year = {2024},
	doi = {10.1101/2024.01.12.24301247},
	publisher = {Cold Spring Harbor Laboratory Press},
	URL = {https://www.medrxiv.org/content/early/2024/01/13/2024.01.12.24301247},
	eprint = {https://www.medrxiv.org/content/early/2024/01/13/2024.01.12.24301247.full.pdf},
	journal = {medRxiv}
}
@book{gelman_bayesian_2013,
    edition = {third},
    title = {Bayesian {Data} {Analysis}},
    language = {en},
    publisher = {CRC Press},
    author = {Gelman, Andrew and Carlin, John B and Stern, Hal S and Dunson, David B and Vehtari, Aki and Rubin, Donald B},
    year = {2013},
}