@Manual{abbottepinow2,
  title = {EpiNow2: Estimate Real-Time Case Counts and Time-Varying Epidemiological Parameters},
  author = {Sam Abbott and Joel Hellewell and Katharine Sherratt and Katelyn Gostic and Joe Hickson and Hamada S. Badr and Michael DeWitt and James M. Azam and {EpiForecasts} and Sebastian Funk},
  year = {2025},
  note = {R package version 1.7.0,
    https://epiforecasts.io/EpiNow2/dev/,
    https://github.com/epiforecasts/EpiNow2},
  url = {https://epiforecasts.io/EpiNow2/},
}

@Manual{abbottprimarycensored,
    title = {primarycensored: Primary Event Censored Distributions},
    author = {Sam Abbott and Sam Brand and Carl Pearson and Sebastian Funk and Kelly Charniga},
    year = {2025},
    doi = {10.5281/zenodo.13632839},
  }

@article{charniga2024best,
  title={Best practices for estimating and reporting epidemiological delay distributions of infectious diseases},
  author={Charniga, Kelly and Park, Sang Woo and Akhmetzhanov, Andrei R and Cori, Anne and Dushoff, Jonathan and Funk, Sebastian and Gostic, Katelyn M and Linton, Natalie M and Lison, Adrian and Overton, Christopher E and others},
  journal={PLoS computational biology},
  volume={20},
  number={10},
  pages={e1012520},
  year={2024},
  publisher={Public Library of Science San Francisco, CA USA}
}

 @article{Cori2013,
 author={Cori, A and Ferguson, NM and Fraser, C and Cauchemez, S},  
 year={2013},  
 title={{A New Framework and Software to Estimate Time-Varying Reproduction Numbers During Epidemics}},  
 journal={Am. J. Epidemiol.},  
 doi={10.1093/aje/kwt133},  
}

@article{law1992effects,
  title={Effects of mid-point imputation on the analysis of doubly censored data},
  author={Law, C Gordon and Brookmeyer, Ron},
  journal={Statistics in medicine},
  volume={11},
  number={12},
  pages={1569--1578},
  year={1992},
  publisher={Wiley Online Library}
}

@article{leung1997censoring,
  title={Censoring issues in survival analysis},
  author={Leung, Kwan-Moon and Elashoff, Robert M and Afifi, Abdelmonem A},
  journal={Annual review of public health},
  volume={18},
  number={1},
  pages={83--104},
  year={1997},
  publisher={Annual Reviews 4139 El Camino Way, PO Box 10139, Palo Alto, CA 94303-0139, USA}
}

@book{little2019statistical,
  title={Statistical analysis with missing data},
  author={Little, Roderick JA and Rubin, Donald B},
  year={2019},
  publisher={John Wiley \& Sons}
}

@article{o1999bayesian,
  title={Bayesian inference for partially observed stochastic epidemics},
  author={O’Neill, Philip D and Roberts, Gareth O},
  journal={Journal of the Royal Statistical Society Series A: Statistics in Society},
  volume={162},
  number={1},
  pages={121--129},
  year={1999},
  publisher={Oxford University Press}
}


@article {Park2024.01.12.24301247,
	author = {Park, Sang Woo and Akhmetzhanov, Andrei R. and Charniga, Kelly and Cori, Anne and Davies, Nicholas G. and Dushoff, Jonathan and Funk, Sebastian and Gostic, Katie and Grenfell, Bryan and Linton, Natalie M. and Lipsitch, Marc and Lison, Adrian and Overton, Christopher E. and Ward, Thomas and Abbott, Sam},
	title = {Estimating epidemiological delay distributions for infectious diseases},
	elocation-id = {2024.01.12.24301247},
	year = {2024},
	doi = {10.1101/2024.01.12.24301247},
	publisher = {Cold Spring Harbor Laboratory Press},
	URL = {https://www.medrxiv.org/content/early/2024/01/13/2024.01.12.24301247},
	eprint = {https://www.medrxiv.org/content/early/2024/01/13/2024.01.12.24301247.full.pdf},
	journal = {medRxiv}
}
@book{gelman_bayesian_2013,
    edition = {third},
    title = {Bayesian {Data} {Analysis}},
    language = {en},
    publisher = {CRC Press},
    author = {Gelman, Andrew and Carlin, John B and Stern, Hal S and Dunson, David B and Vehtari, Aki and Rubin, Donald B},
    year = {2013},
}

@ARTICLE{Reich2009-aa,
  title     = "Estimating incubation period distributions with coarse data:
               Estimating incubation period distributions",
  author    = "Reich, Nicholas G and Lessler, Justin and Cummings, Derek A T and
               Brookmeyer, Ron",
  journal   = "Stat. Med.",
  publisher = "Wiley",
  volume    =  28,
  number    =  22,
  pages     = "2769--2784",
  month     =  sep,
  year      =  2009,
  doi       = "10.1002/sim.3659",
  pmid      =  19598148,
  issn      = "0277-6715,1097-0258",
  language  = "en"
}

@ARTICLE{Ward2022-wo,
  title     = "Transmission dynamics of monkeypox in the United Kingdom: contact
               tracing study",
  author    = "Ward, Thomas and Christie, Rachel and Paton, Robert S and
               Cumming, Fergus and Overton, Christopher E",
  journal   = "BMJ",
  publisher = "BMJ",
  volume    =  379,
  pages     = "e073153",
  month     =  nov,
  year      =  2022,
  doi       = "10.1136/bmj-2022-073153",
  pmc       = "PMC9627597",
  pmid      =  36323407,
  issn      = "1756-1833,0959-8138",
  language  = "en"
}

@Article{fitdistrplus,
  title = {{fitdistrplus}: An {R} Package for Fitting Distributions},
  author = {Marie Laure Delignette-Muller and Christophe Dutang},
  journal = {Journal of Statistical Software},
  year = {2015},
  volume = {64},
  number = {4},
  pages = {1--34},
  doi = {10.18637/jss.v064.i04},
}

@ARTICLE{Jamieson2024-kk,
  title    = "The Burr distribution as a model for the delay between key events
              in an individual’s infection history",
  author   = "Jamieson, Nyall and Charalambous, Christiana and Schultz, David M
              and Hall, Ian",
  journal  = "medRxiv",
  pages    = "2024.04.07.24305311",
  month    =  apr,
  year     =  2024,
  doi      = "10.1101/2024.04.07.24305311",
  language = "en"
}

@ARTICLE{Vink2014-rq,
  title     = "Serial intervals of respiratory infectious diseases: a systematic
               review and analysis",
  author    = "Vink, Margaretha Annelie and Bootsma, Martinus Christoffel Jozef
               and Wallinga, Jacco",
  journal   = "Am. J. Epidemiol.",
  publisher = "Oxford University Press (OUP)",
  volume    =  180,
  number    =  9,
  pages     = "865--875",
  month     =  nov,
  year      =  2014,
  keywords  = "generation interval; generation time; respiratory infectious
               diseases; serial interval",
  doi       = "10.1093/aje/kwu209",
  pmid      =  25294601,
  issn      = "0002-9262,1476-6256",
  language  = "en"
}

@MISC{Ainslie-jl,
  title       = "mitey: Lightweight package with methods to estimate infectious
                 disease dynamics parameters",
  author      = "Ainslie, Kylie",
  institution = "Github",
  language    = "en"
}

@ARTICLE{Nicholson2022-ua,
  title     = "Interoperability of statistical models in pandemic preparedness:
               Principles and reality",
  author    = "Nicholson, George and Blangiardo, Marta and Briers, Mark and
               Diggle, Peter J and Fjelde, Tor Erlend and Ge, Hong and Goudie,
               Robert J B and Jersakova, Radka and King, Ruairidh E and Lehmann,
               Brieuc C L and Mallon, Ann-Marie and Padellini, Tullia and Teh,
               Yee Whye and Holmes, Chris and Richardson, Sylvia",
  journal   = "Stat. Sci.",
  publisher = "Institute of Mathematical Statistics",
  volume    =  37,
  number    =  2,
  month     =  may,
  year      =  2022,
  doi       = "10.1214/22-sts854",
  issn      = "0883-4237,2168-8745"
}

@ARTICLE{Champredon2015-oq,
  title     = "Intrinsic and realized generation intervals in infectious-disease
               transmission",
  author    = "Champredon, David and Dushoff, Jonathan",
  journal   = "Proc. Biol. Sci.",
  publisher = "The Royal Society",
  volume    =  282,
  number    =  1821,
  pages     =  20152026,
  month     =  dec,
  year      =  2015,
  keywords  = "contact-tracing; epidemiological model; generation interval;
               reproductive number",
  doi       = "10.1098/rspb.2015.2026",
  pmc       = "PMC4707754",
  pmid      =  26674948,
  issn      = "1471-2954,0962-8452",
  language  = "en"
}

@ARTICLE{Hart2022-mp,
  title     = "Inference of the {SARS}-{CoV}-2 generation time using {UK}
               household data",
  author    = "Hart, William S and Abbott, Sam and Endo, Akira and Hellewell,
               Joel and Miller, Elizabeth and Andrews, Nick and Maini, Philip K
               and Funk, Sebastian and Thompson, Robin N",
  journal   = "Elife",
  publisher = "eLife Sciences Publications, Ltd",
  volume    =  11,
  month     =  feb,
  year      =  2022,
  keywords  = "COVID-19; SARS-CoV-2; epidemiology; generation interval;
               generation time; global health; mathematical modelling;
               presymptomatic transmission; viruses",
  doi       = "10.7554/eLife.70767",
  pmc       = "PMC8967386",
  pmid      =  35138250,
  issn      = "2050-084X",
  language  = "en"
}

@misc{SamuelBrand1-generation-issue,
  title        = "Generation interval estimation as a censoring problem",
  author       = "Brand, Samuel",
  howpublished = "GitHub Issue {\#}219",
  year         = "2025",
  url          = "https://github.com/epinowcast/primarycensored/issues/219",
  note         = "Discussion on extending primarycensored framework to generation interval estimation"
}
